% Encoding: UTF-8
@Electronic{newton,
  author = {Wikipedia},
  url    = {https://en.wikipedia.org/wiki/Newton%27s_method},
}
@Electronic{falsepos,
  author = {Wikipedia},
  url    = {https://en.wikipedia.org/wiki/False_position_method},
}
@Electronic{bisection,
  author = {Wikipedia},
  url    = {https://en.wikipedia.org/wiki/Bisection_method},
}
@book{kreyszig,
	author = {Kreyszig, Erwin.},
	title = {Advanced engineering mathematics},
	publisher = {Wiley,},
	year = {c2007.},
	address = {New Delhi,},
	edition = {8th.}
}


@Comment{jabref-meta: databaseType:bibtex;}
