% Encoding: UTF-8

@Electronic{taylor,
  url = {http://mathfaculty.fullerton.edu/mathews/n2003/taylorde/TaylorDEMod/Links/TaylorDEMod_lnk_2.html},
}

@Electronic{midpoint,
  author = {Wikipedia},
  url    = {https://en.wikipedia.org/wiki/Midpoint_method},
}

@Electronic{runge,
  author = {Wikipedia},
  url    = {https://en.wikipedia.org/wiki/Runge%E2%80%93Kutta_methods},
}

@Electronic{euler,
  author = {Wikipedia},
  url    = {https://en.wikipedia.org/wiki/Euler_method},
}

@Comment{jabref-meta: databaseType:bibtex;}
