% Encoding: UTF-8
@Electronic{trapezoid,
  author = {Wikipedia},
  url    = {https://en.wikipedia.org/wiki/Trapezoidal_rule},
}
@Electronic{simpson3by8,
  author = {Wikipedia},
  url    = {https://en.wikipedia.org/wiki/Simpson%27s_rule},
}
@book{kreyszig,
	author = {Kreyszig, Erwin.},
	title = {Advanced engineering mathematics},
	publisher = {Wiley,},
	year = {c2007.},
	address = {New Delhi,},
	edition = {8th.}
}


@Comment{jabref-meta: databaseType:bibtex;}
