% Encoding: UTF-8
@Electronic{newton,
  author = {Wikipedia},
  url    = {https://en.wikipedia.org/wiki/Finite_difference},
}
@Electronic{nptel,
  author = {NPTEL},
  url    = {http://www.nptel.ac.in/courses/122104018/node109.html},
}
@Electronic{nptel_lagrange,
  author = {NPTEL},
  url    = {http://www.nptel.ac.in/courses/122104018/node113.html},
}
@Electronic{lagrange,
  author = {Wikipedia},
  url    = {https://en.wikipedia.org/wiki/Lagrange_polynomial},
}
@book{kreyszig,
	author = {Kreyszig, Erwin.},
	title = {Advanced engineering mathematics},
	publisher = {Wiley,},
	year = {c2007.},
	address = {New Delhi,},
	edition = {8th.}
}


@Comment{jabref-meta: databaseType:bibtex;}
